%chap 1
@inproceedings{1,
  title={Future internet: the internet of things architecture, possible applications and key challenges},
  author={Khan, Rafiullah and Khan, Sarmad Ullah and Zaheer, Rifaqat and Khan, Shahid},
  booktitle={2012 10th international conference on frontiers of information technology},
  pages={257--260},
  year={2012},
  organization={IEEE}
}
@inproceedings{2,
  title={Convergence of utility computing with the internet-of-things},
  author={Soldatos, John and Serrano, Martin and Hauswirth, Manfred},
  booktitle={2012 Sixth International Conference on Innovative Mobile and Internet Services in Ubiquitous Computing},
  pages={874--879},
  year={2012},
  organization={IEEE}
}
@article{3,
  title={Internet of Things security: A survey},
  author={Alaba, Fadele Ayotunde and Othman, Mazliza and Hashem, Ibrahim Abaker Targio and Alotaibi, Faiz},
  journal={Journal of Network and Computer Applications},
  volume={88},
  pages={10--28},
  year={2017},
  publisher={Elsevier}
}
@article{4,
  title={Integration of cloud computing and internet of things: a survey},
  author={Botta, Alessio and De Donato, Walter and Persico, Valerio and Pescap{\'e}, Antonio},
  journal={Future generation computer systems},
  volume={56},
  pages={684--700},
  year={2016},
  publisher={Elsevier}
}
@article{5,
  title={Survey of real-time processing technologies of iot data streams},
  author={Yasumoto, Keiichi and Yamaguchi, Hirozumi and Shigeno, Hiroshi},
  journal={Journal of Information Processing},
  volume={24},
  number={2},
  pages={195--202},
  year={2016},
  publisher={Information Processing Society of Japan}
}
@article{6,
  title={The parallel distributed processing approach to semantic cognition},
  author={McClelland, James L and Rogers, Timothy T},
  journal={Nature reviews neuroscience},
  volume={4},
  number={4},
  pages={310--322},
  year={2003},
  publisher={Nature Publishing Group}
}
@article{7,
  title={Internet of Things: underlying technologies, interoperability, and threats to privacy and security},
  author={Poudel, Swaroop},
  journal={Berkeley Technology Law Journal},
  volume={31},
  number={2},
  pages={997--1022},
  year={2016},
  publisher={JSTOR}
}
@book{8,
  title={La r{\'e}alit{\'e} augment{\'e}e: techniques et entit{\'e}s virtuelles},
  author={Jean-Michel, R{\'E}VEILLAC},
  year={2013},
  publisher={Lavoisier}
}
@inproceedings{9,
  title={A survey on the internet of things security},
  author={Zhao, Kai and Ge, Lina},
  booktitle={2013 Ninth international conference on computational intelligence and security},
  pages={663--667},
  year={2013},
  organization={IEEE}
}
@inproceedings{10,
  title={Internet of things (IoT) security: Current status, challenges and prospective measures},
  author={Mahmoud, Rwan and Yousuf, Tasneem and Aloul, Fadi and Zualkernan, Imran},
  booktitle={2015 10th International Conference for Internet Technology and Secured Transactions (ICITST)},
  pages={336--341},
  year={2015},
  organization={IEEE}
}
@article{11,
  title={The social internet of things (siot)--when social networks meet the internet of things: Concept, architecture and network characterization},
  author={Atzori, Luigi and Iera, Antonio and Morabito, Giacomo and Nitti, Michele},
  journal={Computer networks},
  volume={56},
  number={16},
  pages={3594--3608},
  year={2012},
  publisher={Elsevier}
}
@inproceedings{12,
  title={A federated architecture approach for Internet of Things security},
  author={Leo, Marco and Battisti, Federica and Carli, Marco and Neri, Alessandro},
  booktitle={2014 Euro Med Telco Conference (EMTC)},
  pages={1--5},
  year={2014},
  organization={IEEE}
}
@inproceedings{13,
  title={Security in the internet of things: a review},
  author={Suo, Hui and Wan, Jiafu and Zou, Caifeng and Liu, Jianqi},
  booktitle={2012 international conference on computer science and electronics engineering},
  volume={3},
  pages={648--651},
  year={2012},
  organization={IEEE}
}
@article{14,
  title={Internet of Things (IoT): A vision, architectural elements, and future directions},
  author={Gubbi, Jayavardhana and Buyya, Rajkumar and Marusic, Slaven and Palaniswami, Marimuthu},
  journal={Future generation computer systems},
  volume={29},
  number={7},
  pages={1645--1660},
  year={2013},
  publisher={Elsevier}
}
@book{15,
  title={Challenges of the Internet of Things: Technique, Use, Ethics},
  author={Saleh, Imad and Ammi, Mehdi and Szoniecky, Samuel},
  year={2018},
  publisher={John Wiley \& Sons}
}
@article{16,
  title={Cyber Security and the Internet of Things},
  author={Abomhara, M and K{\o}ien, G},
  year={2015}
}
@inproceedings{17,
  title={Agents of Things (AoT): An intelligent operational concept of the Internet of Things (IoT)},
  author={Mzahm, Anas M and Ahmad, Mohd Sharifuddin and Tang, Alicia YC},
  booktitle={2013 13th International Conference on Intellient Systems Design and Applications},
  pages={159--164},
  year={2013},
  organization={IEEE}
}
@article{18,
  title={Connecting the physical world with pervasive networks},
  author={Estrin, Deborah and Culler, David and Pister, Kris and Sukhatme, Gaurav},
  journal={IEEE pervasive computing},
  volume={1},
  number={1},
  pages={59--69},
  year={2002},
  publisher={IEEE}
}
@article{19,
  title={Intelligent device-to-device communication in the internet of things},
  author={Bello, Oladayo and Zeadally, Sherali},
  journal={IEEE Systems Journal},
  volume={10},
  number={3},
  pages={1172--1182},
  year={2014},
  publisher={IEEE}
}

@article{29,
  title={Adaptive data collection protocol for extending lifetime of periodic sensor networks},
  author={Al-Qurabat, AK and Idrees, Ali Kadhum},
  journal={Qalaai Zanist Scientific Journal},
  volume={2},
  number={2},
  pages={83--92},
  year={2017}
}
@article{30,
  title={Les enjeux et les d{\'e}fis de lâ€™Internet des Objets (IdO)},
  author={Saleh, Imad},
  journal={Internet des objets},
  volume={1},
  number={1},
  pages={5},
  year={2017}
}
@article{31,
  title={Internet of robotic things: converging sensing/actuating, hypoconnectivity, artificial intelligence and IoT Platforms},
  author={Vermesan, Ovidiu and Br{\"o}ring, Arne and Tragos, Elias and Serrano, Martin and Bacciu, Davide and Chessa, Stefano and Gallicchio, Claudio and Micheli, Alessio and Dragone, Mauro and Saffiotti, Alessandro and others},
  year={2017},
  publisher={River Publishers}
}
@inproceedings{32,
  title={Choice of effective messaging protocols for IoT systems: MQTT, CoAP, AMQP and HTTP},
  author={Naik, Nitin},
  booktitle={2017 IEEE international systems engineering symposium (ISSE)},
  pages={1--7},
  year={2017},
  organization={IEEE}
}
@incollection{33,
  title={Arduino for robotics},
  author={Warren, John-David and Adams, Josh and Molle, Harald},
  booktitle={Arduino robotics},
  pages={51--82},
  year={2011},
  publisher={Springer}
}
@article{34,
  title={Artificial intelligence-based techniques for emerging robotics communication: A survey and future perspectives},
  author={Alsamhi, SH and Ma, Ou and Ansari, MS},
  journal={arXiv preprint arXiv:1804.09671},
  year={2018}
}
@article{24,
  title={IoT based home automation system using NodeMCU ESP8266 module},
  author={Tonage, Suraj and Yemul, Sandhya and Jare, Rajendra and Patki, Veena},
  journal={International Journal of Advance Research and Development},
  year={2018}
}
@inproceedings{35,
  title={A Post-Prognostics Decision framework for cell site using Cloud Computing and Internet of Things},
  author={Meraghni, Safa and Terrissa, Labib Sadek and Zerhouni, Noureddine and Varnier, Christophe and Ayad, Soheyb},
  booktitle={2016 2nd International Conference on Cloud Computing Technologies and Applications (CloudTech)},
  pages={310--315},
  year={2016},
  organization={IEEE}
}
%chap 2

@article{c1,
  title={Enjeux \& prospective en Midi-Pyr{\'e}n{\'e}es: les m{\'e}tiers du num{\'e}rique},
  author={LOU, H{\'e}l{\`e}ne GRIMAL and LEV{\^E}QUE, C{\'e}cile and H{\'e}l{\`e}ne, BELY},
  year={2015}
}
@book{c2,
  title={Mastering cloud computing: foundations and applications programming},
  author={Buyya, Rajkumar and Vecchiola, Christian and Selvi, S Thamarai},
  year={2013},
  publisher={Newnes}
}
@book{c3,
  title={Tout sur le Cloud Personnel: Travaillez, stockez, jouez et {\'e}changez... dans le nuage},
  author={Plouin, Guillaume},
  year={2013},
  publisher={Dunod}
}

@book{c4,
  title={Cloud Computing-2e {\'e}d.: Une rupture d{\'e}cisive pour l'informatique d'entreprise},
  author={Plouin, Guillaume},
  year={2011},
  publisher={Dunod}
}

@phdthesis{c5,
  title={Migration d'OpenERP dans le cloud computing pour une PME},
  author={Ndoye, Awa},
  year={2012},
  school={Haute {\'e}cole de gestion de Gen{\`e}ve}
}

@article{c7,
  title={A new approach for a better load balancing and a better distribution of resources in cloud computing},
  author={Idrissi, Abdellah and Zegrari, Faouzia},
  journal={arXiv preprint arXiv:1709.10372},
  year={2015}
}

@article{c87,
  title={Data modeling considerations in Hadoop and Hive},
  author={Bradley, Clark and Hollinshead, Ralph and Kraus, Scott and Lefler, Jason and Taheri, Roshan},
  journal={Technical paper, SAS},
  year={2013}
}
%chap 3

@article{chap31,
  title={The development of smart homes market in the UK},
  author={Balta-Ozkan, Nazmiye and Davidson, Rosemary and Bicket, Martha and Whitmarsh, Lorraine},
  journal={Energy},
  volume={60},
  pages={361--372},
  year={2013},
  publisher={Elsevier}
}
@book{chap32,
  title={Inside the smart home},
  author={Harper, Richard},
  year={2006},
  publisher={Springer Science \& Business Media}
}
@inproceedings{chap33,
  title={Smart home based on Internet of Things and cloud computing},
  author={Kasmi, Mahdi and Bahloul, Faouzi and Tkitek, Haykel},
  booktitle={2016 7th International Conference on Sciences of Electronics, Technologies of Information and Telecommunications (SETIT)},
  pages={82--86},
  year={2016},
  organization={IEEE}
}
@inproceedings{chap34,
  title={Smart home: Integrating internet of things with web services and cloud computing},
  author={Soliman, Moataz and Abiodun, Tobi and Hamouda, Tarek and Zhou, Jiehan and Lung, Chung-Horng},
  booktitle={2013 IEEE 5th international conference on cloud computing technology and science},
  volume={2},
  pages={317--320},
  year={2013},
  organization={IEEE}
}
@inproceedings{chap35,
  title={The design of smart home platform based on cloud computing},
  author={Gu, Haijun and Diao, Yufeng and Liu, Wei and Zhang, Xueqian},
  booktitle={Proceedings of 2011 International Conference on Electronic \& Mechanical Engineering and Information Technology},
  volume={8},
  pages={3919--3922},
  year={2011},
  organization={IEEE}
}
@inproceedings{chap36,
  title={Smart-home automation using IoT-based sensing and monitoring platform},
  author={Al-Kuwari, Majid and Ramadan, Abdulrhman and Ismael, Yousef and Al-Sughair, Laith and Gastli, Adel and Benammar, Mohieddine},
  booktitle={2018 IEEE 12th International Conference on Compatibility, Power Electronics and Power Engineering (CPE-POWERENG 2018)},
  pages={1--6},
  year={2018},
  organization={IEEE}
}
@article{chap37,
  title={A zigbee-based home automation system},
  author={Gill, Khusvinder and Yang, Shuang-Hua and Yao, Fang and Lu, Xin},
  journal={IEEE Transactions on consumer Electronics},
  volume={55},
  number={2},
  pages={422--430},
  year={2009},
  publisher={IEEE}
}
@inproceedings{chap38,
  title={Smart home automation system using Bluetooth technology},
  author={Asadullah, Muhammad and Ullah, Khalil},
  booktitle={2017 International Conference on Innovations in Electrical Engineering and Computational Technologies (ICIEECT)},
  pages={1--6},
  year={2017},
  organization={IEEE}
}
@inproceedings{chap39,
  title={Multiagent web for the internet of things},
  author={Leong, Peter and Lu, Liming},
  booktitle={2014 International Conference on Information Science \& Applications (ICISA)},
  pages={1--4},
  year={2014},
  organization={IEEE}
}
@article{chap310,
  title={IoT based home automation system using NodeMCU ESP8266 module},
  author={Tonage, Suraj and Yemul, Sandhya and Jare, Rajendra and Patki, Veena},
  journal={International Journal of Advance Research and Development},
  year={2018}
}
@article{chap311,
  title={Web integrated smart home infrastructure using internet of things},
  author={Joshi, Manveer and Kaur, Bikrampal},
  journal={International Journal of Engineering Research and General Science},
  volume={3},
  number={6},
  year={2015}
}
@article{chap312,
  title={Layered model architecture for internet of things},
  author={Bozdogan, Z and Kara, R},
  journal={Journal of Engineering Research and Applied Science},
  volume={4},
  number={1},
  pages={260--264},
  year={2015}
}
@article{chap313,
  title={Improved layered architecture for Internet of Things},
  author={Darwish, Dina},
  journal={Int. J. Comput. Acad. Res.(IJCAR)},
  volume={4},
  pages={214--223},
  year={2015},
  publisher={Citeseer}
}
@article{chap314,
  title={Cognitive internet of things: concepts and application example},
  author={Zhang, Mingchuan and Zhao, Haixia and Zheng, Ruijuan and Wu, Qingtao and Wei, Wangyang},
  journal={International Journal of Computer Science Issues (IJCSI)},
  volume={9},
  number={6},
  pages={151},
  year={2012},
  publisher={International Journal of Computer Science Issues (IJCSI)}
}
@inproceedings{chap315,
  title={Future internet: the internet of things architecture, possible applications and key challenges},
  author={Khan, Rafiullah and Khan, Sarmad Ullah and Zaheer, Rifaqat and Khan, Shahid},
  booktitle={2012 10th international conference on frontiers of information technology},
  pages={257--260},
  year={2012},
  organization={IEEE}
}
@article{chap316,
  title={The design and realization of cherry tomato harvesting robot based on IOT},
  author={Li, Biqing and Ling, Yongfa and Zhang, Hongyan and Zheng, Shiyong},
  journal={International Journal of Online and Biomedical Engineering (iJOE)},
  volume={12},
  number={12},
  pages={23--26},
  year={2016}
}
@article{chap317,
  title={A new approach for mobile robot localization based on an online IoT system},
  author={Junior, Carlos MJM Dourado and da Silva, Suane PP and da N{\'o}brega, Raul VM and Barros, Antonio CS and Sangaiah, Arun K and Rebou{\c{c}}as Filho, Pedro P and de Albuquerque, Victor Hugo C},
  journal={Future Generation Computer Systems},
  volume={100},
  pages={859--881},
  year={2019},
  publisher={Elsevier}
}
@inproceedings{chap318,
  title={Design and implementation of explorer mobile robot controlled remotely using IoT technology},
  author={Marroquin, Alberto and Gomez, Adalberto and Paz, Alejandro},
  booktitle={2017 CHILEAN Conference on Electrical, Electronics Engineering, Information and Communication Technologies (CHILECON)},
  pages={1--7},
  year={2017},
  organization={IEEE}
}
@book{kaltenbacher2007numerical,
  title={Numerical simulation of mechatronic sensors and actuators},
  author={Kaltenbacher, Manfred},
  volume={2},
  year={2007},
  publisher={Springer}
}
@article{homola1997sensitivity,
  title={On the sensitivity of surface plasmon resonance sensors with spectral interrogation},
  author={Homola, Ji{\v{r}}{\'\i}},
  journal={Sensors and Actuators B: Chemical},
  volume={41},
  number={1-3},
  pages={207--211},
  year={1997},
  publisher={Elsevier}
}
@misc{pastre2010continuously,
  title={Continuously calibrated magnetic field sensor},
  author={Pastre, Marc and Blanchard, Hubert and Kayal, Maher},
  year={2010},
  month=jun # "~29",
  publisher={Google Patents},
  note={US Patent 7,746,065}
}
@article{chen2017electronic,
  title={Electronic muscles and skins: a review of soft sensors and actuators},
  author={Chen, Dustin and Pei, Qibing},
  journal={Chemical reviews},
  volume={117},
  number={17},
  pages={11239--11268},
  year={2017},
  publisher={ACS Publications}
}

@book{eldar2012compressed,
  title={Compressed sensing: theory and applications},
  author={Eldar, Yonina C and Kutyniok, Gitta},
  year={2012},
  publisher={Cambridge university press}
}
@book{pallas2012sensors,
  title={Sensors and signal conditioning},
  author={Pallas-Areny, Ramon and Webster, John G},
  year={2012},
  publisher={John Wiley \& Sons}
}
@article{stamatiadis2010comparison,
  title={Comparison of passive and active canopy sensors for the estimation of vine biomass production},
  author={Stamatiadis, Stamatis and Taskos, Dimitris and Tsadila, Eleftheria and Christofides, Calliopi and Tsadilas, Christos and Schepers, James S},
  journal={Precision Agriculture},
  volume={11},
  number={3},
  pages={306--315},
  year={2010},
  publisher={Springer}
}
@misc{messina2001integrated,
  title={Integrated system for line-of-sight stabilization and auto-alignment of off-gimbal passive and active electro-optical sensors},
  author={Messina, Peter V},
  year={2001},
  month=sep # "~11",
  publisher={Google Patents},
  note={US Patent 6,288,381}
}

@inproceedings{chun2011universal,
  title={A universal asynchronous receiver transmitter design},
  author={Chun-Zhi, He and Yin-shui, Xia and Lun-yao, Wang},
  booktitle={2011 International Conference on Electronics, Communications and Control (ICECC)},
  pages={691--694},
  year={2011},
  organization={IEEE}
}
@article{marinkovic2011nano,
  title={Nano-power wireless wake-up receiver with serial peripheral interface},
  author={Marinkovic, Stevan J and Popovici, Emanuel M},
  journal={IEEE Journal on selected areas in communications},
  volume={29},
  number={8},
  pages={1641--1647},
  year={2011},
  publisher={IEEE}
}

@book{hoeschele1994analog,
  title={Analog-to-digital and digital-to-analog conversion techniques},
  author={Hoeschele, David F},
  volume={968},
  year={1994},
  publisher={Wiley New York}
}
@article{fedele2018energy,
  title={Energy harvesting for IoT road monitoring systems},
  author={Fedele, Rosario and Merenda, Massimo and Giammaria, Filippo},
  journal={Instrumentation, Mesure, Metrologie},
  volume={17},
  number={4},
  pages={605},
  year={2018},
  publisher={Lavoisier}
}
@inproceedings{agarwal2016unified,
  title={Unified IoT ontology to enable interoperability and federation of testbeds},
  author={Agarwal, Rachit and Fernandez, David Gomez and Elsaleh, Tarek and Gyrard, Amelie and Lanza, Jorge and Sanchez, Luis and Georgantas, Nikolaos and Issarny, Valerie},
  booktitle={2016 IEEE 3rd World Forum on Internet of Things (WF-IoT)},
  pages={70--75},
  year={2016},
  organization={IEEE}
}
@article{santucci2010internet,
  title={The internet of things: Between the revolution of the internet and the metamorphosis of objects},
  author={Santucci, G{\'e}rald},
  journal={Vision and Challenges for Realising the Internet of Things},
  pages={11--24},
  year={2010}
}
@inproceedings{mainetti2011evolution,
  title={Evolution of wireless sensor networks towards the internet of things: A survey},
  author={Mainetti, Luca and Patrono, Luigi and Vilei, Antonio},
  booktitle={SoftCOM 2011, 19th international conference on software, telecommunications and computer networks},
  pages={1--6},
  year={2011},
  organization={IEEE}
}
@article{kelly2013towards,
  title={Towards the implementation of IoT for environmental condition monitoring in homes},
  author={Kelly, Sean Dieter Tebje and Suryadevara, Nagender Kumar and Mukhopadhyay, Subhas Chandra},
  journal={IEEE sensors journal},
  volume={13},
  number={10},
  pages={3846--3853},
  year={2013},
  publisher={IEEE}
}
@article{mhatre2005minimum,
  title={A minimum cost heterogeneous sensor network with a lifetime constraint},
  author={Mhatre, Vivek P and Rosenberg, Catherine and Kofman, Daniel and Mazumdar, Ravi and Shroff, Ness},
  journal={IEEE Transactions on Mobile Computing},
  volume={4},
  number={1},
  pages={4--15},
  year={2005},
  publisher={IEEE}
}

@inproceedings{arauz2013actuator,
  title={Actuator quality in the Internet of Things},
  author={Arauz, Julio and Fynn-Cudjoe, Tony},
  booktitle={2013 IEEE International Conference on Sensing, Communications and Networking (SECON)},
  pages={34--42},
  year={2013},
  organization={IEEE}
}
@article{wirtz2018brave,
  title={Brave new world: service robots in the frontline},
  author={Wirtz, Jochen and Patterson, Paul G and Kunz, Werner H and Gruber, Thorsten and Lu, Vinh Nhat and Paluch, Stefanie and Martins, Antje},
  journal={Journal of Service Management},
  year={2018},
  publisher={Emerald Publishing Limited}
}
@incollection{fortino2018towards,
  title={Towards multi-layer interoperability of heterogeneous IoT platforms: The INTER-IoT approach},
  author={Fortino, Giancarlo and Savaglio, Claudio and Palau, Carlos E and de Puga, Jara Suarez and Ganzha, Maria and Paprzycki, Marcin and Montesinos, Miguel and Liotta, Antonio and Llop, Miguel},
  booktitle={Integration, interconnection, and interoperability of IoT systems},
  pages={199--232},
  year={2018},
  publisher={Springer}
}
@article{chen2017smart,
  title={Smart home 2.0: Innovative smart home system powered by botanical IoT and emotion detection},
  author={Chen, Min and Yang, Jun and Zhu, Xuan and Wang, Xiaofei and Liu, Mengchen and Song, Jeungeun},
  journal={Mobile Networks and Applications},
  volume={22},
  number={6},
  pages={1159--1169},
  year={2017},
  publisher={Springer}
}
@article{zhou2017computation,
  title={When computation hugs intelligence: Content-aware data processing for industrial IoT},
  author={Zhou, Liang and Wu, Dan and Chen, Jianxin and Dong, Zhenjiang},
  journal={IEEE Internet of Things Journal},
  volume={5},
  number={3},
  pages={1657--1666},
  year={2017},
  publisher={IEEE}
}

@article{odelu2017expressive,
  title={Expressive CP-ABE scheme for mobile devices in IoT satisfying constant-size keys and ciphertexts},
  author={Odelu, Vanga and Das, Ashok Kumar and Khan, Muhammad Khurram and Choo, Kim-Kwang Raymond and Jo, Minho},
  journal={IEEE Access},
  volume={5},
  pages={3273--3283},
  year={2017},
  publisher={IEEE}
}
@inproceedings{naik2017cyber,
  title={Cyber securityâ€”IoT},
  author={Naik, Swapnil and Maral, Vikas},
  booktitle={2017 2nd IEEE International Conference on Recent Trends in Electronics, Information \& Communication Technology (RTEICT)},
  pages={764--767},
  year={2017},
  organization={IEEE}
}
@article{ham2009compliant,
  title={Compliant actuator designs},
  author={Ham, Ronald van and Sugar, Thomas and Vanderborght, Bram and Hollander, Kevin and Lefeber, Dirk},
  journal={IEEE Robotics \& Automation Magazine},
  volume={3},
  number={16},
  pages={81--94},
  year={2009}
}
@inproceedings{geneiatakis2017security,
  title={Security and privacy issues for an IoT based smart home},
  author={Geneiatakis, Dimitris and Kounelis, Ioannis and Neisse, Ricardo and Nai-Fovino, Igor and Steri, Gary and Baldini, Gianmarco},
  booktitle={2017 40th International Convention on Information and Communication Technology, Electronics and Microelectronics (MIPRO)},
  pages={1292--1297},
  year={2017},
  organization={IEEE}
}
@inproceedings{kodali2016iot,
  title={IoT based smart security and home automation system},
  author={Kodali, Ravi Kishore and Jain, Vishal and Bose, Suvadeep and Boppana, Lakshmi},
  booktitle={2016 international conference on computing, communication and automation (ICCCA)},
  pages={1286--1289},
  year={2016},
  organization={IEEE}
}
@inproceedings{yamamoto2012using,
  title={Using cloud technologies for large-scale house data in smart city},
  author={Yamamoto, Shintaro and Matsumoto, Shinsuke and Nakamura, Masahide},
  booktitle={4th IEEE International Conference on Cloud Computing Technology and Science Proceedings},
  pages={141--148},
  year={2012},
  organization={IEEE}
}
@inproceedings{zhao2020analysis,
  title={Analysis and Design of a Context-Aware Smart Home System},
  author={Zhao, Lin and Peng, Zhihao},
  booktitle={2020 International Conference on Intelligent Transportation, Big Data \& Smart City (ICITBS)},
  pages={716--719},
  year={2020},
  organization={IEEE}
}
@article{sovacool2020smart,
  title={Smart home technologies in Europe: A critical review of concepts, benefits, risks and policies},
  author={Sovacool, Benjamin K and Del Rio, Dylan D Furszyfer},
  journal={Renewable and Sustainable Energy Reviews},
  volume={120},
  pages={109663},
  year={2020},
  publisher={Elsevier}
}

@article{catarinucci2015iot,
  title={An IoT-aware architecture for smart healthcare systems},
  author={Catarinucci, Luca and De Donno, Danilo and Mainetti, Luca and Palano, Luca and Patrono, Luigi and Stefanizzi, Maria Laura and Tarricone, Luciano},
  journal={IEEE internet of things journal},
  volume={2},
  number={6},
  pages={515--526},
  year={2015},
  publisher={IEEE}
}
@article{ashokkumar2015cloud,
  title={Cloud based intelligent transport system},
  author={Ashokkumar, K and Sam, Baron and Arshadprabhu, R and others},
  journal={Procedia Computer Science},
  volume={50},
  pages={58--63},
  year={2015},
  publisher={Elsevier}
}
@article{kong2017millimeter,
  title={Millimeter-wave wireless communications for IoT-cloud supported autonomous vehicles: Overview, design, and challenges},
  author={Kong, Linghe and Khan, Muhammad Khurram and Wu, Fan and Chen, Guihai and Zeng, Peng},
  journal={IEEE Communications Magazine},
  volume={55},
  number={1},
  pages={62--68},
  year={2017},
  publisher={IEEE}
}

@article{petrov2017vehicle,
  title={Vehicle-based relay assistance for opportunistic crowdsensing over narrowband IoT (NB-IoT)},
  author={Petrov, Vitaly and Samuylov, Andrey and Begishev, Vyacheslav and Moltchanov, Dmitri and Andreev, Sergey and Samouylov, Konstantin and Koucheryavy, Yevgeni},
  journal={IEEE Internet of Things journal},
  volume={5},
  number={5},
  pages={3710--3723},
  year={2017},
  publisher={IEEE}
}
@article{nathani2013energiebezogene,
  title={Energiebezogene Differenzierung der Schweizerischen IOT 2008 und Revision der Energie-IOT 2001 und 2005},
  author={Nathani, C and Sutter, D and van Nieuwkoop, R and Kraner, S and Peter, M and Zandonella, R},
  journal={Office f{\'e}d{\'e}ral de lâ€™{\'e}nergie (OFEN), Berne},
  year={2013}
}
@article{da2014internet,
  title={Internet of things in industries: A survey},
  author={Da Xu, Li and He, Wu and Li, Shancang},
  journal={IEEE Transactions on industrial informatics},
  volume={10},
  number={4},
  pages={2233--2243},
  year={2014},
  publisher={IEEE}
}
@inproceedings{wan2015industrie,
  title={Industrie 4.0: enabling technologies},
  author={Wan, Jiafu and Cai, Hu and Zhou, Keliang},
  booktitle={Proceedings of 2015 international conference on intelligent computing and internet of things},
  pages={135--140},
  year={2015},
  organization={IEEE}
}
@inproceedings{memon2016internet,
  title={Internet of Things (IoT) enabled smart animal farm},
  author={Memon, Muhammad Hunain and Kumar, Wanod and Memon, AzamRafique and Chowdhry, Bhawani S and Aamir, Muhammad and Kumar, Pardeep},
  booktitle={2016 3rd International Conference on Computing for Sustainable Global Development (INDIACom)},
  pages={2067--2072},
  year={2016},
  organization={IEEE}
}
@inproceedings{nobrega2018animal,
  title={Animal monitoring based on IoT technologies},
  author={N{\'o}brega, Lu{\'\i}s and Tavares, Andr{\'e} and Cardoso, Ant{\'o}nio and Gon{\c{c}}alves, Pedro},
  booktitle={2018 IoT Vertical and Topical Summit on Agriculture-Tuscany (IOT Tuscany)},
  pages={1--5},
  year={2018},
  organization={IEEE}
}
@article{muangprathub2019iot,
  title={IoT and agriculture data analysis for smart farm},
  author={Muangprathub, Jirapond and Boonnam, Nathaphon and Kajornkasirat, Siriwan and Lekbangpong, Narongsak and Wanichsombat, Apirat and Nillaor, Pichetwut},
  journal={Computers and electronics in agriculture},
  volume={156},
  pages={467--474},
  year={2019},
  publisher={Elsevier}
}
@inproceedings{cheng2012establishing,
  title={Establishing an lifelong learning environment using IOT and learning analytics},
  author={Cheng, Hsu-Chen and Liao, Wen-Wei},
  booktitle={2012 14th International Conference on Advanced Communication Technology (ICACT)},
  pages={1178--1183},
  year={2012},
  organization={IEEE}
}
@article{agrawal2013survey,
  title={A survey on Internet of Things},
  author={Agrawal, Shashank and Vieira, Dario},
  journal={Abak{\'o}s},
  volume={1},
  number={2},
  pages={78--95},
  year={2013}
}
@inproceedings{rezvan2014sensors,
  title={The Sensors Are Innovative in Internet of Things},
  author={Rezvan, Mohammadreza and Barekatain, Mohammadamin},
  booktitle={International Wireless Internet Conference},
  pages={253--261},
  year={2014},
  organization={Springer}
}
@article{amendola2014rfid,
  title={RFID technology for IoT-based personal healthcare in smart spaces},
  author={Amendola, Sara and Lodato, Rossella and Manzari, Sabina and Occhiuzzi, Cecilia and Marrocco, Gaetano},
  journal={IEEE Internet of things journal},
  volume={1},
  number={2},
  pages={144--152},
  year={2014},
  publisher={IEEE}
}

@inproceedings{jia2012rfid,
  title={RFID technology and its applications in Internet of Things (IoT)},
  author={Jia, Xiaolin and Feng, Quanyuan and Fan, Taihua and Lei, Quanshui},
  booktitle={2012 2nd international conference on consumer electronics, communications and networks (CECNet)},
  pages={1282--1285},
  year={2012},
  organization={IEEE}
}
@inproceedings{shah2016survey,
  title={A survey: Internet of Things (IOT) technologies, applications and challenges},
  author={Shah, Sajjad Hussain and Yaqoob, Ilyas},
  booktitle={2016 IEEE Smart Energy Grid Engineering (SEGE)},
  pages={381--385},
  year={2016},
  organization={IEEE}
}
@article{chang2014bluetooth,
  title={Bluetooth: a viable solution for IoT?[Industry Perspectives]},
  author={Chang, Kuor-Hsin},
  journal={IEEE Wireless Communications},
  volume={21},
  number={6},
  pages={6--7},
  year={2014},
  publisher={IEEE}
}
@inproceedings{teran2017iot,
  title={IoT-based system for indoor location using bluetooth low energy},
  author={Ter{\'a}n, Marco and Aranda, Juan and Carrillo, Henry and Mendez, Diego and Parra, Carlos},
  booktitle={2017 IEEE Colombian Conference on Communications and Computing (COLCOM)},
  pages={1--6},
  year={2017},
  organization={IEEE}
}
@article{haas2018lifi,
  title={LiFi is a paradigm-shifting 5G technology},
  author={Haas, Harald},
  journal={Reviews in Physics},
  volume={3},
  pages={26--31},
  year={2018},
  publisher={Elsevier}
}
@article{haas2018lifi,
  title={LiFi is a paradigm-shifting 5G technology},
  author={Haas, Harald},
  journal={Reviews in Physics},
  volume={3},
  pages={26--31},
  year={2018},
  publisher={Elsevier}
}
@article{catarinucci2015iot,
  title={An IoT-aware architecture for smart healthcare systems},
  author={Catarinucci, Luca and De Donno, Danilo and Mainetti, Luca and Palano, Luca and Patrono, Luigi and Stefanizzi, Maria Laura and Tarricone, Luciano},
  journal={IEEE internet of things journal},
  volume={2},
  number={6},
  pages={515--526},
  year={2015},
  publisher={IEEE}
}
@inproceedings{pongle2015survey,
  title={A survey: Attacks on RPL and 6LoWPAN in IoT},
  author={Pongle, Pavan and Chavan, Gurunath},
  booktitle={2015 International conference on pervasive computing (ICPC)},
  pages={1--6},
  year={2015},
  organization={IEEE}
}
@article{gomez20176lowpan,
  title={From 6LoWPAN to 6Lo: Expanding the universe of IPv6-supported technologies for the Internet of Things},
  author={Gomez, Carles and Paradells, Josep and Bormann, Carsten and Crowcroft, Jon},
  journal={IEEE Communications Magazine},
  volume={55},
  number={12},
  pages={148--155},
  year={2017},
  publisher={IEEE}
}
@article{feng2008zigbee,
  title={ZigBee Integrated Remoter Technology [J]},
  author={Feng, Tang Hai Yang},
  journal={Electronic Science and Technology},
  volume={8},
  year={2008}
}
@article{markovtechnical,
  title={Technical Program},
  author={Markov, High-Order Hidden Bivariate}
}
@techreport{hasan1999intelligent,
  title={Intelligent transportation systems},
  author={Hasan, Sarah and Yaz, Edwin},
  year={1999},
  institution={Springer}
}
@inproceedings{bokefode2018retrieving,
  title={Retrieving Real Time Data Through IOT Devices and Storing Securely on Cloud Using Li-Fi},
  author={Bokefode, Jayant D and Ubale, Swapnaja A and Gaikwad, Roopali M},
  booktitle={2018 3rd International Conference for Convergence in Technology (I2CT)},
  pages={1--5},
  year={2018},
  organization={IEEE}
}
@article{haas2015lifi,
  title={What is lifi?},
  author={Haas, Harald and Yin, Liang and Wang, Yunlu and Chen, Cheng},
  journal={Journal of lightwave technology},
  volume={34},
  number={6},
  pages={1533--1544},
  year={2015},
  publisher={IEEE}
}
@inproceedings{lu2011interconnecting,
  title={Interconnecting ZigBee and 6LoWPAN wireless sensor networks for smart grid applications},
  author={Lu, Chia-Wen and Li, Shu-Cheng and Wu, Quincy},
  booktitle={2011 Fifth International Conference on Sensing Technology},
  pages={267--272},
  year={2011},
  organization={IEEE}
}
@misc{drake2014zigbee,
  title={Zigbee IP/6LowPan router},
  author={Drake, Jeff Donald},
  year={2014},
  month=may # "~13",
  publisher={Google Patents},
  note={US Patent 8,724,490}
}
@inproceedings{unwala2018iot,
  title={IoT security: ZWave and thread},
  author={Unwala, Ishaq and Taqvi, Zafar and Lu, Jiang},
  booktitle={2018 IEEE Green Technologies Conference (GreenTech)},
  pages={176--182},
  year={2018},
  organization={IEEE}
}
@incollection{unwala2017iot,
  title={IoT Protocols: Z-Wave and Thread},
  author={Unwala, Ishaq and Lu, Jiang},
  booktitle={International Journal on Future Revolution in Computer Science \& Communication Engineering (IJFRSCE)},
  volume={3},
  number={11},
  pages={355--359},
  year={2017}
}
@inproceedings{vangelista2015long,
  title={Long-range IoT technologies: The dawn of LoRaâ„¢},
  author={Vangelista, Lorenzo and Zanella, Andrea and Zorzi, Michele},
  booktitle={Future access enablers of ubiquitous and intelligent infrastructures},
  pages={51--58},
  year={2015},
  organization={Springer}
}

@inproceedings{vejlgaard2017coverage,
  title={Coverage and capacity analysis of sigfox, lora, gprs, and nb-iot},
  author={Vejlgaard, Benny and Lauridsen, Mads and Nguyen, Huan and Kov{\'a}cs, Istv{\'a}n Z and Mogensen, Preben and Sorensen, Mads},
  booktitle={2017 IEEE 85th vehicular technology conference (VTC Spring)},
  pages={1--5},
  year={2017},
  organization={IEEE}
}
@inproceedings{yokotani2016comparison,
  title={Comparison with HTTP and MQTT on required network resources for IoT},
  author={Yokotani, Tetsuya and Sasaki, Yuya},
  booktitle={2016 international conference on control, electronics, renewable energy and communications (ICCEREC)},
  pages={1--6},
  year={2016},
  organization={IEEE}
}
@inproceedings{daud2016internet,
  title={Internet of things (IoT) with CoAP and HTTP protocol: A study on which protocol suits IoT in terms of performance},
  author={Daud, Mohammad Aizuddin and Suhaili, Wida Susanty Haji},
  booktitle={International Conference on Computational Intelligence in Information System},
  pages={165--174},
  year={2016},
  organization={Springer}
}
@article{longo2017stack4things,
  title={Stack4Things: a sensing-and-actuation-as-a-service framework for IoT and cloud integration},
  author={Longo, Francesco and Bruneo, Dario and Distefano, Salvatore and Merlino, Giovanni and Puliafito, Antonio},
  journal={Annals of Telecommunications},
  volume={72},
  number={1-2},
  pages={53--70},
  year={2017},
  publisher={Springer}
}
@article{seo2018design,
  title={Design and Implementation of Realtime Things Control System Using MQTT and WebSocket in IoT Environment},
  author={Seo, Jun-Oh and Kim, Chul-Won},
  journal={The Journal of the Korea institute of electronic communication sciences},
  volume={13},
  number={3},
  pages={517--524},
  year={2018},
  publisher={Korea Institute of Electronic Communication Science}
}

@book{lampkin2012building,
  title={Building smarter planet solutions with mqtt and ibm websphere mq telemetry},
  author={Lampkin, Valerie and Leong, Weng Tat and Olivera, Leonardo and Rawat, Sweta and Subrahmanyam, Nagesh and Xiang, Rong and Kallas, Gerald and Krishna, Neeraj and Fassmann, Stefan and Keen, Martin and others},
  year={2012},
  publisher={IBM Redbooks}
}
@inproceedings{yassein2017internet,
  title={Internet of Things: Survey and open issues of MQTT protocol},
  author={Yassein, Muneer Bani and Shatnawi, Mohammed Q and Aljwarneh, Shadi and Al-Hatmi, Razan},
  booktitle={2017 International Conference on Engineering \& MIS (ICEMIS)},
  pages={1--6},
  year={2017},
  organization={IEEE}
}

@article{shelby2014constrained,
  title={The constrained application protocol (CoAP)},
  author={Shelby, Zach and Hartke, Klaus and Bormann, Carsten},
  year={2014}
}
@article{bormann2012coap,
  title={Coap: An application protocol for billions of tiny internet nodes},
  author={Bormann, Carsten and Castellani, Angelo P and Shelby, Zach},
  journal={IEEE Internet Computing},
  volume={16},
  number={2},
  pages={62--67},
  year={2012},
  publisher={IEEE}
}
@article{saint2004extensible,
  title={Extensible messaging and presence protocol (XMPP): Core},
  author={Saint-Andre, Peter and others},
  year={2004},
  publisher={RFC 3920, October}
}
@inproceedings{bendel2013service,
  title={A service infrastructure for the Internet of Things based on XMPP},
  author={Bendel, Sven and Springer, Thomas and Schuster, Daniel and Schill, Alexander and Ackermann, Ralf and Ameling, Michael},
  booktitle={2013 IEEE international conference on pervasive computing and communications workshops (PERCOM Workshops)},
  pages={385--388},
  year={2013},
  organization={IEEE}
}
@inproceedings{pavithra2015iot,
  title={IoT based monitoring and control system for home automation},
  author={Pavithra, D and Balakrishnan, Ranjith},
  booktitle={2015 global conference on communication technologies (GCCT)},
  pages={169--173},
  year={2015},
  organization={IEEE}
}
@inproceedings{samie2016iot,
  title={IoT technologies for embedded computing: A survey},
  author={Samie, Farzad and Bauer, Lars and Henkel, J{\"o}rg},
  booktitle={2016 International Conference on Hardware/Software Codesign and System Synthesis (CODES+ ISSS)},
  pages={1--10},
  year={2016},
  organization={IEEE}
}
@inproceedings{zouganeli2009connected,
  title={Connected objects and the Internet of thingsâ€”A paradigm shift},
  author={Zouganeli, Evi and Svinnset, Inge Einar},
  booktitle={2009 International Conference on Photonics in Switching},
  pages={1--4},
  year={2009},
  organization={IEEE}
}
@article{apthorpe2017smart,
  title={A smart home is no castle: Privacy vulnerabilities of encrypted iot traffic},
  author={Apthorpe, Noah and Reisman, Dillon and Feamster, Nick},
  journal={arXiv preprint arXiv:1705.06805},
  year={2017}
}
@article{satija2017real,
  title={Real-time signal quality-aware ECG telemetry system for IoT-based health care monitoring},
  author={Satija, Udit and Ramkumar, Barathram and Manikandan, M Sabarimalai},
  journal={IEEE Internet of Things Journal},
  volume={4},
  number={3},
  pages={815--823},
  year={2017},
  publisher={IEEE}
}
@inproceedings{kim2015iot,
  title={IoT home gateway for auto-configuration and management of MQTT devices},
  author={Kim, Seong-Min and Choi, Hoan-Suk and Rhee, Woo-Seop},
  booktitle={2015 IEEE Conference on Wireless Sensors (ICWiSe)},
  pages={12--17},
  year={2015},
  organization={IEEE}
}

@article{tang2019review,
  title={A review of building information modeling (BIM) and the internet of things (IoT) devices integration: Present status and future trends},
  author={Tang, Shu and Shelden, Dennis R and Eastman, Charles M and Pishdad-Bozorgi, Pardis and Gao, Xinghua},
  journal={Automation in Construction},
  volume={101},
  pages={127--139},
  year={2019},
  publisher={Elsevier}
}

@article{al2016comparison,
  title={Comparison of 6LoWPAN and LPWAN for the Internet of Things},
  author={Al-Kashoash, Hayder AA and Kemp, Andrew H},
  journal={Australian Journal of Electrical and Electronics Engineering},
  volume={13},
  number={4},
  pages={268--274},
  year={2016},
  publisher={Taylor \& Francis}
}


@article{zouai2017iot,
  title={IoT approach using multi-agent system for ambient intelligence},
  author={Zouai, Meftah and Kazar, Okba and Haba, Belgacem and Saouli, Hamza and Benfenati, Hind},
  journal={International Journal of Software Engineering and Its Applications},
  volume={11},
  number={9},
  pages={15--32},
  year={2017}
}


@article{zouai2019ambiance,
  title={Ambiance Intelligence Approach Using IoT and Multi-Agent System},
  author={Zouai, Meftah and Kazar, Okba and Bellot, Guadalupe Ortiz and Haba, Belgacem and Kabachi, Nadia and Krishnamurhty, M},
  journal={International Journal of Distributed Systems and Technologies (IJDST)},
  volume={10},
  number={1},
  pages={37--55},
  year={2019},
  publisher={IGI Global}
}

@article{zouai2019new,
  title={New approach using an IoT robot to oversight the smart home environment},
  author={Zouai, Meftah and Kazar, Okba and Haba, Belgacem and Ortiz, Guadalupe and Kabachi, Nadia},
  year={2019}
}

@article{37,
  title={JADE implemented mobile multi-agent based, distributed information platform for pervasive health care monitoring},
  author={Su, Chuan-Jun and Wu, Chia-Ying},
  journal={Applied Soft Computing},
  volume={11},
  number={1},
  pages={315--325},
  year={2011},
  publisher={Elsevier}
}
@article{36,
  title={Efficiency of JADE agent platform},
  author={Chmiel, Krzysztof and Gawinecki, Maciej and Kaczmarek, Pawel and Szymczak, Michal and Paprzycki, Marcin},
  journal={Scientific Programming},
  volume={13},
  number={2},
  pages={159--172},
  year={2005},
  publisher={IOS Press}
}
@article{mur1994edge,
  title={Edge elements, their advantages and their disadvantages},
  author={Mur, Gerrit},
  journal={IEEE transactions on magnetics},
  volume={30},
  number={5},
  pages={3552--3557},
  year={1994},
  publisher={IEEE}
}
@inproceedings{zouai2017smart,
  title={Smart house simulation based multi-agent system and internet of things},
  author={Zouai, Meftah and Kazar, Okba and Haba, Belgacem and Saouli, Hamza},
  booktitle={2017 International Conference on Mathematics and Information Technology (ICMIT)},
  pages={201--203},
  year={2017},
  organization={IEEE}
}

https://www.ionos.fr/digitalguide/serveur/know-how/edge-computing/



CHE70